<?xml version="1.0" encoding="UTF-8"?><collection xmlns="http://www.loc.gov/MARC21/slim"><record><leader>00385nam--2200145-i-4500</leader><controlfield tag="001">000043551</controlfield><controlfield tag="002">20161230</controlfield><controlfield tag="005">20161230201044</controlfield><controlfield tag="008">060222s1000------------r-----000-0-eng-d</controlfield><datafield ind1=" " ind2=" " tag="080"><subfield code="a">517.951</subfield></datafield><datafield ind1=" " ind2=" " tag="100"><subfield code="a">Taira,Kezuaki</subfield></datafield><datafield ind1=" " ind2=" " tag="245"><subfield code="a">Problemes aux limites nonccercifs et applications. these</subfield></datafield><datafield ind1=" " ind2=" " tag="260"><subfield code="a">Paris, L`Univ.,1978. 39 P</subfield></datafield><datafield ind1=" " ind2=" " tag="852"><subfield code="a">46423</subfield><subfield code="c">517.9</subfield></datafield><datafield ind1=" " ind2=" " tag="CAT"><subfield code="a">Sys</subfield><subfield code="c">20081104</subfield><subfield code="h">095745</subfield></datafield></record></collection>